@article{Barnett:2005:WUP:1108768.1108813,
 author = {Barnett, Mike and Leino, K. Rustan M.},
 title = {Weakest-precondition of Unstructured Programs},
 journal = {SIGSOFT Softw. Eng. Notes},
 issue_date = {January 2006},
 volume = {31},
 number = {1},
 month = sep,
 year = {2005},
 issn = {0163-5948},
 pages = {82--87},
 numpages = {6},
 url = {http://doi.acm.org/10.1145/1108768.1108813},
 doi = {10.1145/1108768.1108813},
 acmid = {1108813},
 publisher = {ACM},
 address = {New York, NY, USA},
}

